% Patent reference
%-----------------

@patent{p:mecchia02,
  author      = "A. Mecchia and G. Nicollini and C. Pinna",
  title       = "Digital Filter",
  nationality = "United States",
  number      = 6501406,
  dayfiled    = 13,
  monthfiled  = jul,
  yearfiled   = 2001,
  day         = 31,
  month       = dec,
  year        = 2002,
  abstract    = ""
};




% Journal references
%-------------------

@article{j:cijvat02,
  author   = "E. Cijvat and S. Tadjpour and A.A. Abidi",
  title    = "Spurious mixing of off-channel signals in a wireless receiver and the choice of {IF}",
  journal  = IEEE_J_CASII,
  volume   = 49,
  number   = 8,
  month    = aug,
  year     = 2002,
  pages    = "539--544",
  abstract = ""
};

@article{j:vaidyanathan90,
  author   = "P. P. Vaidyanathan",
  title    = "Multirate digital filters, filter banks, polyphase networks, and applications: a tutorial",
  journal  = IEEE_J_PROC,
  volume   = 78,
  number   = 1,
  month    = jan,
  year     = 1990,
  pages    = "56--93",
  abstract = ""
};

@article{j:chandrakasan92,
  author   = "A.P. Chandrakasan and S. Sheng and R.W. Brodersen",
  title    = "Low-power {CMOS} digital design",
  journal  = IEEE_J_JSSC,
  volume   = 27,
  number   = 4,
  month    = apr,
  year     = 1992,
  pages    = "473--484",
  abstract = ""
};

@article{j:considine,
  author   = "V. Considine",
  title    = "Digital complex sampling",
  journal  = "{IEE} Electron. Lett.",
  volume   = 19,
  number   = 16,
  month    = aug,
  year     = 1983,
  pages    = "608--609",
  abstract = ""
};

@article{j:polyphase,
  author   = "M. Bellanger and G. Bonnerot and M. Coudreuse",
  title    = "Digital filtering by polyphase network: {A}pplication to sample-rate alteration and filter banks",
  journal  = IEEE_J_ASSP,
  volume   = 24,
  number   = 2,
  month    = apr,
  year     = 1976,
  pages    = "109--114",
  abstract = ""
};




% Conference references
%----------------------

@inproceedings{c:fettweis99,
  author    = "M. Henker and T. Hentschel and G. Fettweis",
  title     = "Time-variant CIC-filters for sample rate conversion with arbitrary rational factors",
  booktitle = "Proc. {IEEE} 6th IEEE Int. Conf. Electronics, Circuits and Systems",
  volume    = 1,
  month     = sep,
  year      = 1999,
  pages     = "67--70",
  abstract  = ""
};

@inproceedings{c:yang96,
  author    = "H.-K. Yang and W. M. Snelgrove",
  title     = "High speed polyphase {CIC} decimation filters",
  booktitle = "Proc. {IEEE} Int. Symp. Circuits Syst.",
  volume    = 2,
  month     = may,
  year      = 1996,
  pages     = "229--232",
  abstract  = ""
};
