% Patent reference
%-----------------





% Journal references
%-------------------

@article{HFKM00,
  author   = "T. Hamada and T. Fukushige and A. Kawai and J. Makino",
  title    = "{PROGRAPE-1: A Programmable, Multi-Purpose Computer for Many-Body Simulations}",
  journal  = "Publication of Astronomical Society of Japan",
  volume   = 52,
  year     = 2000,
  pages    = "943--954",
};

@article{KFMT00,
  author   = "A. Kawai and T. Fukushige and J. Makino and M. Taiji",
  title    = "{GRAPE-5: A Special-Purpose Computer for {$N$-body} Simulation}",
  journal  = "Publication of Astronomical Society of Japan",
  volume   = 52,
  year     = 2000,
  pages    = "659--676",
};

@inproceedings{MPMF01,
  author    = "O. Mencer and M. Platzner and M. Morf and J. M. Flynn",
  title     = "{Object-Oriented Domain-Specific Compilers for Programming FPGAs}",
  journal = "IEEE Trans. on VLSI, special issue on Reconfigurable Computing",
  year      = 2001,
};

@inproceedings{OMEFS93,
  author    = "O. Mencer and M. Morf and J. M. Flynn",
  title     = "{Highly Parallelized Special-Purpose Computer, GRAPE-3}",
  journal   = "Publication of Astronomical Society of Japan",
  volume   = 45,
  year     = 1993,
  pages    = "329--338",
};

@inproceedings{SS99,
  author    = "J. Stine and M. Schulte",
  title     = "{The symmetric table addition method for accurate function approximation}",
  journal   = "In Journal of VLSI Signal Processing",
  year     = 1999,
  pages    = "167--177",
};





% Conference references
%----------------------

@inproceedings{AKEDC04,
  author    = "N. Azizi and I. Kuon and A. Egier and A. Darabiha and P. Chow",
  title     = "{Reconfigurable Molecular Dynamics Simulator}",
  booktitle = "Proc. of IEEE Symposium on Field-Programmable Custom Computing Machines",
  month     = apr,
  year      = 2004,
  pages     = "197--206",
};

@inproceedings{BH98,
  author    = "P. Bellows and B. Hutchings",
  title     = "{JHDL - An HDL for Reconfigurable Systems}",
  booktitle = "Proc. of IEEE Symposium on Field-Programmable Custom Computing Machines",
  month     = apr,
  year      = 1998,
  pages     = "175--184",
};

@inproceedings{FO01,
  author    = "J. M. Flynn and F. S. Oberman",
  title     = "{Advanced Computer Arithmetic Design}",
  booktitle = "John Wiley \& Sons",
  year      = 2001,
};

@inproceedings{JL01,
  author    = "A. Jaenicke and A. Luk",
  title     = "{Parametrized Floating-Point Arithmetic on FPGAs}",
  booktitle = "Proc. of IEEE ICASSP",
  volume    = 2,
  year      = 2001,
  pages     = "897--900",
};

@inproceedings{LKM02,
  author    = "G. L. Lienhart and A. Kugel and R. M{\"a}nner",
  title     = "{Using Floating Point Arithmetic on FPGAs to Accelerate Scientific N-Body Simulations}",
  booktitle = "Proc. of IEEE Symposium on Field-Programmable Custom Computing Machines",
  month     = apr,
  year      = 2002,
  pages     = "182--191",
};

@inproceedings{LCCN03,
  author    = "G. Leyva and G. Caffarena and C. Carreras and O. Nieto-Taladriz",
  title     = "{A Generator of High-speed Floating-point Modules}",
  booktitle = "Proc. of IEEE Symposium on Field-Programmable Custom Computing Machines",
  month     = apr,
  year      = 2004,
  pages     = "306--307",
};

@inproceedings{MMF97,
  author    = "O. Mencer and M. Morf and J. M. Flynn",
  title     = "{PAM-Blox: High Performance FPGA Design for Adaptive Computing}",
  booktitle = "Proc. of IEEE Symposium on Field-Programmable Custom Computing Machines",
  month     = apr,
  year      = 1997,
  pages     = "167--174",
};

@inproceedings{M97,
  author    = "M. J. Muller",
  title     = "{Elementary Functions: Algorithms and Implementation}",
  booktitle = "Brikhauser Verlag AG",
  year      = 1997,
};

@inproceedings{MT98,
  author    = "J. Makino and M. Taiji",
  title     = "{Scientific Simulations with Special-Purpose Computers --- The GRAPE Systems}",
  booktitle = "John Wiley \& Sons",
  year      = 1998,
};


@inproceedings{SS03,
  author    = "W. D. Smith and A. R. Schore",
  title     = "{Towards an RCC-based accelerator for computational fluid dynamics applications}",
  booktitle = "Proc. of the 2003 International Conference on Engineering Reconfigurable Systems and Algorithms",
  year      = 2003,
};


@inproceedings{THYL04,
  author    = "K. Tsoi and C. Ho and H. Yeung and P. Leong",
  title     = "{An Arithmetic Library and its Application to the N-body Problem}",
  booktitle = "Proc. of IEEE Symposium on Field-Programmable Custom Computing Machines",
  month     = apr,
  year      = 2004,
  pages     = "68--78",
};

@inproceedings{WN04,
  author    = "X. Wang and B. E. Nelson",
  title     = "{Tradeoffs of Designing Floating-Point Division and Square Root on Virtex FPGAs}",
  booktitle = "Proc. of IEEE Symposium on Field-Programmable Custom Computing Machines",
  month     = apr,
  year      = 2003,
  pages     = "195--203",
};
